%YAML 1.1
%TAG !u! tag:unity3d.com,2011:
--- !u!1 &1229051928904132879
GameObject:
  m_ObjectHideFlags: 0
  m_CorrespondingSourceObject: {fileID: 0}
  m_PrefabInstance: {fileID: 0}
  m_PrefabAsset: {fileID: 0}
  serializedVersion: 6
  m_Component:
  - component: {fileID: 3409929231440063934}
  m_Layer: 0
  m_Name: MakeUpBoxHolder (1)
  m_TagString: Untagged
  m_Icon: {fileID: 0}
  m_NavMeshLayer: 0
  m_StaticEditorFlags: 0
  m_IsActive: 1
--- !u!4 &3409929231440063934
Transform:
  m_ObjectHideFlags: 0
  m_CorrespondingSourceObject: {fileID: 0}
  m_PrefabInstance: {fileID: 0}
  m_PrefabAsset: {fileID: 0}
  m_GameObject: {fileID: 1229051928904132879}
  m_LocalRotation: {x: -0.000000022351736, y: -0, z: -0, w: 1}
  m_LocalPosition: {x: 0, y: 0, z: 0}
  m_LocalScale: {x: 1, y: 1, z: 1}
  m_Children: []
  m_Father: {fileID: 6560635131697556966}
  m_RootOrder: 1
  m_LocalEulerAnglesHint: {x: 0, y: 0, z: 0}
--- !u!1 &1877873530680174772
GameObject:
  m_ObjectHideFlags: 0
  m_CorrespondingSourceObject: {fileID: 0}
  m_PrefabInstance: {fileID: 0}
  m_PrefabAsset: {fileID: 0}
  serializedVersion: 6
  m_Component:
  - component: {fileID: 4112591227387164827}
  m_Layer: 0
  m_Name: DollarHolder (1)
  m_TagString: Untagged
  m_Icon: {fileID: 0}
  m_NavMeshLayer: 0
  m_StaticEditorFlags: 0
  m_IsActive: 1
--- !u!4 &4112591227387164827
Transform:
  m_ObjectHideFlags: 0
  m_CorrespondingSourceObject: {fileID: 0}
  m_PrefabInstance: {fileID: 0}
  m_PrefabAsset: {fileID: 0}
  m_GameObject: {fileID: 1877873530680174772}
  m_LocalRotation: {x: -0.43374538, y: -0.7054856, z: 0.2935578, w: 0.47747144}
  m_LocalPosition: {x: -0.21600017, y: 0.37900293, z: 0.07200095}
  m_LocalScale: {x: 1, y: 1, z: 1}
  m_Children: []
  m_Father: {fileID: 6845486855047596045}
  m_RootOrder: 6
  m_LocalEulerAnglesHint: {x: 0, y: 0, z: 0}
--- !u!1 &5371740344921392655
GameObject:
  m_ObjectHideFlags: 0
  m_CorrespondingSourceObject: {fileID: 0}
  m_PrefabInstance: {fileID: 0}
  m_PrefabAsset: {fileID: 0}
  serializedVersion: 6
  m_Component:
  - component: {fileID: 4001064791070879160}
  m_Layer: 0
  m_Name: PaperHolder (1)
  m_TagString: Untagged
  m_Icon: {fileID: 0}
  m_NavMeshLayer: 0
  m_StaticEditorFlags: 0
  m_IsActive: 1
--- !u!4 &4001064791070879160
Transform:
  m_ObjectHideFlags: 0
  m_CorrespondingSourceObject: {fileID: 0}
  m_PrefabInstance: {fileID: 0}
  m_PrefabAsset: {fileID: 0}
  m_GameObject: {fileID: 5371740344921392655}
  m_LocalRotation: {x: 0.012194828, y: -0.65860116, z: 0.7523873, w: -0.003018139}
  m_LocalPosition: {x: -0.025592234, y: 0.24503584, z: 0.10357035}
  m_LocalScale: {x: 1, y: 1, z: 1}
  m_Children: []
  m_Father: {fileID: 6845486855047596045}
  m_RootOrder: 5
  m_LocalEulerAnglesHint: {x: 0, y: -97.51601, z: 0}
--- !u!1 &5416843219268156471
GameObject:
  m_ObjectHideFlags: 0
  m_CorrespondingSourceObject: {fileID: 0}
  m_PrefabInstance: {fileID: 0}
  m_PrefabAsset: {fileID: 0}
  serializedVersion: 6
  m_Component:
  - component: {fileID: 2350876503543730583}
  m_Layer: 0
  m_Name: CokeHolder (1)
  m_TagString: Untagged
  m_Icon: {fileID: 0}
  m_NavMeshLayer: 0
  m_StaticEditorFlags: 0
  m_IsActive: 1
--- !u!4 &2350876503543730583
Transform:
  m_ObjectHideFlags: 0
  m_CorrespondingSourceObject: {fileID: 0}
  m_PrefabInstance: {fileID: 0}
  m_PrefabAsset: {fileID: 0}
  m_GameObject: {fileID: 5416843219268156471}
  m_LocalRotation: {x: -0.05368349, y: -0.0421257, z: -0.6663574, w: 0.74250346}
  m_LocalPosition: {x: -0.2959999, y: 0.18399999, z: 0.13900003}
  m_LocalScale: {x: 1, y: 1, z: 1}
  m_Children: []
  m_Father: {fileID: 8605167541603190170}
  m_RootOrder: 5
  m_LocalEulerAnglesHint: {x: -7.8080006, y: 0.52000004, z: -83.84801}
--- !u!95 &8875089897107472383
Animator:
  serializedVersion: 3
  m_ObjectHideFlags: 0
  m_CorrespondingSourceObject: {fileID: 0}
  m_PrefabInstance: {fileID: 0}
  m_PrefabAsset: {fileID: 0}
  m_GameObject: {fileID: 5820161630917771797}
  m_Enabled: 1
  m_Avatar: {fileID: 9000000, guid: b41e1f9d2f8b50f46a7174a76aface1c, type: 3}
  m_Controller: {fileID: 9100000, guid: 8b5bf4152244e8a4792c3a624812b209, type: 2}
  m_CullingMode: 1
  m_UpdateMode: 0
  m_ApplyRootMotion: 0
  m_LinearVelocityBlending: 0
  m_WarningMessage: 
  m_HasTransformHierarchy: 1
  m_AllowConstantClipSamplingOptimization: 1
  m_KeepAnimatorControllerStateOnDisable: 0
--- !u!114 &6590007698046413525
MonoBehaviour:
  m_ObjectHideFlags: 0
  m_CorrespondingSourceObject: {fileID: 0}
  m_PrefabInstance: {fileID: 0}
  m_PrefabAsset: {fileID: 0}
  m_GameObject: {fileID: 5820161630917771797}
  m_Enabled: 1
  m_EditorHideFlags: 0
  m_Script: {fileID: 11500000, guid: 730af709a58f71e46a7ddf631bcbc1b2, type: 3}
  m_Name: 
  m_EditorClassIdentifier: 
  anim: {fileID: 0}
--- !u!1001 &1497060676338293778
PrefabInstance:
  m_ObjectHideFlags: 0
  serializedVersion: 2
  m_Modification:
    m_TransformParent: {fileID: 0}
    m_Modifications:
    - target: {fileID: 656001865124536225, guid: 82801756f9ab1474aa4da2679bff3b76,
        type: 3}
      propertyPath: kajolMat
      value: 
      objectReference: {fileID: 2100000, guid: 78d7638fbb7e02d43b1ed5f9330ae554, type: 2}
    - target: {fileID: 656001865124536225, guid: 82801756f9ab1474aa4da2679bff3b76,
        type: 3}
      propertyPath: lipstickMat
      value: 
      objectReference: {fileID: 2100000, guid: db888200f1be51b44a34e1a1dbba0d15, type: 2}
    - target: {fileID: 656001865124536225, guid: 82801756f9ab1474aa4da2679bff3b76,
        type: 3}
      propertyPath: dressMat
      value: 
      objectReference: {fileID: 2100000, guid: 336f4655767da4a42998be71b2a4681e, type: 2}
    - target: {fileID: 656001865124536225, guid: 82801756f9ab1474aa4da2679bff3b76,
        type: 3}
      propertyPath: hairMat
      value: 
      objectReference: {fileID: 2100000, guid: bd5f3b47261c8834fa72ae4aca04133f, type: 2}
    - target: {fileID: 656001865124536225, guid: 82801756f9ab1474aa4da2679bff3b76,
        type: 3}
      propertyPath: headMat
      value: 
      objectReference: {fileID: 2100000, guid: 8bb67ca8539a9684dbe92399e3baa3cb, type: 2}
    - target: {fileID: 656001865124536225, guid: 82801756f9ab1474aa4da2679bff3b76,
        type: 3}
      propertyPath: bodyMat
      value: 
      objectReference: {fileID: 2100000, guid: 4c4dbdb05fec7434592838cb392e1227, type: 2}
    - target: {fileID: 884676918036408916, guid: 82801756f9ab1474aa4da2679bff3b76,
        type: 3}
      propertyPath: m_RootOrder
      value: 3
      objectReference: {fileID: 0}
    - target: {fileID: 2639811036864794234, guid: 82801756f9ab1474aa4da2679bff3b76,
        type: 3}
      propertyPath: m_LocalPosition.x
      value: 0
      objectReference: {fileID: 0}
    - target: {fileID: 2639811036864794234, guid: 82801756f9ab1474aa4da2679bff3b76,
        type: 3}
      propertyPath: m_LocalPosition.y
      value: 0
      objectReference: {fileID: 0}
    - target: {fileID: 2639811036864794234, guid: 82801756f9ab1474aa4da2679bff3b76,
        type: 3}
      propertyPath: m_LocalPosition.z
      value: 0
      objectReference: {fileID: 0}
    - target: {fileID: 2639811036864794234, guid: 82801756f9ab1474aa4da2679bff3b76,
        type: 3}
      propertyPath: m_LocalRotation.x
      value: 0
      objectReference: {fileID: 0}
    - target: {fileID: 2639811036864794234, guid: 82801756f9ab1474aa4da2679bff3b76,
        type: 3}
      propertyPath: m_LocalRotation.y
      value: 0
      objectReference: {fileID: 0}
    - target: {fileID: 2639811036864794234, guid: 82801756f9ab1474aa4da2679bff3b76,
        type: 3}
      propertyPath: m_LocalRotation.z
      value: 0
      objectReference: {fileID: 0}
    - target: {fileID: 2639811036864794234, guid: 82801756f9ab1474aa4da2679bff3b76,
        type: 3}
      propertyPath: m_LocalRotation.w
      value: 1
      objectReference: {fileID: 0}
    - target: {fileID: 2639811036864794234, guid: 82801756f9ab1474aa4da2679bff3b76,
        type: 3}
      propertyPath: m_RootOrder
      value: 0
      objectReference: {fileID: 0}
    - target: {fileID: 2639811036864794234, guid: 82801756f9ab1474aa4da2679bff3b76,
        type: 3}
      propertyPath: m_LocalEulerAnglesHint.x
      value: 0
      objectReference: {fileID: 0}
    - target: {fileID: 2639811036864794234, guid: 82801756f9ab1474aa4da2679bff3b76,
        type: 3}
      propertyPath: m_LocalEulerAnglesHint.y
      value: 0
      objectReference: {fileID: 0}
    - target: {fileID: 2639811036864794234, guid: 82801756f9ab1474aa4da2679bff3b76,
        type: 3}
      propertyPath: m_LocalEulerAnglesHint.z
      value: 0
      objectReference: {fileID: 0}
    - target: {fileID: 5586067621604304674, guid: 82801756f9ab1474aa4da2679bff3b76,
        type: 3}
      propertyPath: m_IsActive
      value: 0
      objectReference: {fileID: 0}
    - target: {fileID: 5840631508150421385, guid: 82801756f9ab1474aa4da2679bff3b76,
        type: 3}
      propertyPath: m_Name
      value: avatar Variant 0
      objectReference: {fileID: 0}
    - target: {fileID: 7921427798449795903, guid: 82801756f9ab1474aa4da2679bff3b76,
        type: 3}
      propertyPath: avatarAnim
      value: 
      objectReference: {fileID: 8875089897107472383}
    - target: {fileID: 8003347842083776620, guid: 82801756f9ab1474aa4da2679bff3b76,
        type: 3}
      propertyPath: m_RootOrder
      value: 4
      objectReference: {fileID: 0}
    - target: {fileID: 9189375991579346797, guid: 82801756f9ab1474aa4da2679bff3b76,
        type: 3}
      propertyPath: skinnedMesh.Array.size
      value: 3
      objectReference: {fileID: 0}
    - target: {fileID: 9189375991579346797, guid: 82801756f9ab1474aa4da2679bff3b76,
        type: 3}
      propertyPath: paperHolder
      value: 
      objectReference: {fileID: 4001064791070879160}
    - target: {fileID: 9189375991579346797, guid: 82801756f9ab1474aa4da2679bff3b76,
        type: 3}
      propertyPath: dollarHolder
      value: 
      objectReference: {fileID: 4112591227387164827}
    - target: {fileID: 9189375991579346797, guid: 82801756f9ab1474aa4da2679bff3b76,
        type: 3}
      propertyPath: skinnedMesh
      value: 
      objectReference: {fileID: 0}
    - target: {fileID: 9189375991579346797, guid: 82801756f9ab1474aa4da2679bff3b76,
        type: 3}
      propertyPath: skinnedMesh.Array.data[2]
      value: 
      objectReference: {fileID: 6911142711390598032}
    - target: {fileID: 9189375991579346797, guid: 82801756f9ab1474aa4da2679bff3b76,
        type: 3}
      propertyPath: skinnedMesh.Array.data[0]
      value: 
      objectReference: {fileID: 5737809811724367410}
    - target: {fileID: 9189375991579346797, guid: 82801756f9ab1474aa4da2679bff3b76,
        type: 3}
      propertyPath: skinnedMesh.Array.data[1]
      value: 
      objectReference: {fileID: 3086262802578421918}
    - target: {fileID: 9189375991579346797, guid: 82801756f9ab1474aa4da2679bff3b76,
        type: 3}
      propertyPath: cokeHolder
      value: 
      objectReference: {fileID: 2350876503543730583}
    - target: {fileID: 9189375991579346797, guid: 82801756f9ab1474aa4da2679bff3b76,
        type: 3}
      propertyPath: makeUpboxHolder
      value: 
      objectReference: {fileID: 3409929231440063934}
    - target: {fileID: 9189375991579346797, guid: 82801756f9ab1474aa4da2679bff3b76,
        type: 3}
      propertyPath: charPP
      value: 
      objectReference: {fileID: 21300000, guid: 823305f91d01bb24b8b13d2a688e94fc,
        type: 3}
    - target: {fileID: 9189375991579346797, guid: 82801756f9ab1474aa4da2679bff3b76,
        type: 3}
      propertyPath: avatarId
      value: 0
      objectReference: {fileID: 0}
    - target: {fileID: 9189375991579346797, guid: 82801756f9ab1474aa4da2679bff3b76,
        type: 3}
      propertyPath: avatarVisualId
      value: 0
      objectReference: {fileID: 0}
    - target: {fileID: 9189375991579346797, guid: 82801756f9ab1474aa4da2679bff3b76,
        type: 3}
      propertyPath: avatarOutfitId
      value: 0
      objectReference: {fileID: 0}
    m_RemovedComponents: []
  m_SourcePrefab: {fileID: 100100000, guid: 82801756f9ab1474aa4da2679bff3b76, type: 3}
--- !u!4 &3487157091085505128 stripped
Transform:
  m_CorrespondingSourceObject: {fileID: 2639811036864794234, guid: 82801756f9ab1474aa4da2679bff3b76,
    type: 3}
  m_PrefabInstance: {fileID: 1497060676338293778}
  m_PrefabAsset: {fileID: 0}
--- !u!1001 &6630486104019271492
PrefabInstance:
  m_ObjectHideFlags: 0
  serializedVersion: 2
  m_Modification:
    m_TransformParent: {fileID: 3487157091085505128}
    m_Modifications:
    - target: {fileID: -8955121526263425485, guid: 4708e616b1abb2d41b7a0fa4319b5b64,
        type: 3}
      propertyPath: m_Materials.Array.data[0]
      value: 
      objectReference: {fileID: 2100000, guid: bd5f3b47261c8834fa72ae4aca04133f, type: 2}
    - target: {fileID: -8679921383154817045, guid: 4708e616b1abb2d41b7a0fa4319b5b64,
        type: 3}
      propertyPath: m_LocalPosition.x
      value: 0
      objectReference: {fileID: 0}
    - target: {fileID: -8679921383154817045, guid: 4708e616b1abb2d41b7a0fa4319b5b64,
        type: 3}
      propertyPath: m_LocalPosition.y
      value: 0
      objectReference: {fileID: 0}
    - target: {fileID: -8679921383154817045, guid: 4708e616b1abb2d41b7a0fa4319b5b64,
        type: 3}
      propertyPath: m_LocalPosition.z
      value: 0
      objectReference: {fileID: 0}
    - target: {fileID: -8679921383154817045, guid: 4708e616b1abb2d41b7a0fa4319b5b64,
        type: 3}
      propertyPath: m_LocalRotation.x
      value: 0
      objectReference: {fileID: 0}
    - target: {fileID: -8679921383154817045, guid: 4708e616b1abb2d41b7a0fa4319b5b64,
        type: 3}
      propertyPath: m_LocalRotation.y
      value: -0
      objectReference: {fileID: 0}
    - target: {fileID: -8679921383154817045, guid: 4708e616b1abb2d41b7a0fa4319b5b64,
        type: 3}
      propertyPath: m_LocalRotation.z
      value: -0
      objectReference: {fileID: 0}
    - target: {fileID: -8679921383154817045, guid: 4708e616b1abb2d41b7a0fa4319b5b64,
        type: 3}
      propertyPath: m_LocalRotation.w
      value: 1
      objectReference: {fileID: 0}
    - target: {fileID: -8679921383154817045, guid: 4708e616b1abb2d41b7a0fa4319b5b64,
        type: 3}
      propertyPath: m_RootOrder
      value: 5
      objectReference: {fileID: 0}
    - target: {fileID: -8679921383154817045, guid: 4708e616b1abb2d41b7a0fa4319b5b64,
        type: 3}
      propertyPath: m_LocalEulerAnglesHint.x
      value: 0
      objectReference: {fileID: 0}
    - target: {fileID: -8679921383154817045, guid: 4708e616b1abb2d41b7a0fa4319b5b64,
        type: 3}
      propertyPath: m_LocalEulerAnglesHint.y
      value: 0
      objectReference: {fileID: 0}
    - target: {fileID: -8679921383154817045, guid: 4708e616b1abb2d41b7a0fa4319b5b64,
        type: 3}
      propertyPath: m_LocalEulerAnglesHint.z
      value: 0
      objectReference: {fileID: 0}
    - target: {fileID: -7807838343387969162, guid: 4708e616b1abb2d41b7a0fa4319b5b64,
        type: 3}
      propertyPath: m_BlendShapeWeights.Array.size
      value: 2
      objectReference: {fileID: 0}
    - target: {fileID: -7807838343387969162, guid: 4708e616b1abb2d41b7a0fa4319b5b64,
        type: 3}
      propertyPath: m_Materials.Array.data[0]
      value: 
      objectReference: {fileID: 2100000, guid: 4c4dbdb05fec7434592838cb392e1227, type: 2}
    - target: {fileID: -7807838343387969162, guid: 4708e616b1abb2d41b7a0fa4319b5b64,
        type: 3}
      propertyPath: m_BlendShapeWeights.Array.data[0]
      value: 0
      objectReference: {fileID: 0}
    - target: {fileID: -7807838343387969162, guid: 4708e616b1abb2d41b7a0fa4319b5b64,
        type: 3}
      propertyPath: m_BlendShapeWeights.Array.data[1]
      value: 0
      objectReference: {fileID: 0}
    - target: {fileID: -4882724259360660543, guid: 4708e616b1abb2d41b7a0fa4319b5b64,
        type: 3}
      propertyPath: m_IsActive
      value: 0
      objectReference: {fileID: 0}
    - target: {fileID: -3887076361637495246, guid: 4708e616b1abb2d41b7a0fa4319b5b64,
        type: 3}
      propertyPath: m_Materials.Array.data[0]
      value: 
      objectReference: {fileID: 2100000, guid: bd5f3b47261c8834fa72ae4aca04133f, type: 2}
    - target: {fileID: -3029430750313060774, guid: 4708e616b1abb2d41b7a0fa4319b5b64,
        type: 3}
      propertyPath: m_IsActive
      value: 0
      objectReference: {fileID: 0}
    - target: {fileID: -988515887973312546, guid: 4708e616b1abb2d41b7a0fa4319b5b64,
        type: 3}
      propertyPath: m_IsActive
      value: 0
      objectReference: {fileID: 0}
    - target: {fileID: -471687077436608450, guid: 4708e616b1abb2d41b7a0fa4319b5b64,
        type: 3}
      propertyPath: m_IsActive
      value: 0
      objectReference: {fileID: 0}
    - target: {fileID: 283014665415167188, guid: 4708e616b1abb2d41b7a0fa4319b5b64,
        type: 3}
      propertyPath: m_Materials.Array.data[0]
      value: 
      objectReference: {fileID: 2100000, guid: 8bb67ca8539a9684dbe92399e3baa3cb, type: 2}
    - target: {fileID: 283014665415167188, guid: 4708e616b1abb2d41b7a0fa4319b5b64,
        type: 3}
      propertyPath: m_Materials.Array.data[2]
      value: 
      objectReference: {fileID: 2100000, guid: 78d7638fbb7e02d43b1ed5f9330ae554, type: 2}
    - target: {fileID: 283014665415167188, guid: 4708e616b1abb2d41b7a0fa4319b5b64,
        type: 3}
      propertyPath: m_Materials.Array.data[1]
      value: 
      objectReference: {fileID: 2100000, guid: db888200f1be51b44a34e1a1dbba0d15, type: 2}
    - target: {fileID: 919132149155446097, guid: 4708e616b1abb2d41b7a0fa4319b5b64,
        type: 3}
      propertyPath: m_Name
      value: Character01RigSUVD
      objectReference: {fileID: 0}
    - target: {fileID: 1398965335892331412, guid: 4708e616b1abb2d41b7a0fa4319b5b64,
        type: 3}
      propertyPath: m_IsActive
      value: 0
      objectReference: {fileID: 0}
    - target: {fileID: 4060149456384418705, guid: 4708e616b1abb2d41b7a0fa4319b5b64,
        type: 3}
      propertyPath: m_IsActive
      value: 0
      objectReference: {fileID: 0}
    - target: {fileID: 5643360842903658274, guid: 4708e616b1abb2d41b7a0fa4319b5b64,
        type: 3}
      propertyPath: m_IsActive
      value: 0
      objectReference: {fileID: 0}
    - target: {fileID: 5872117066477671043, guid: 4708e616b1abb2d41b7a0fa4319b5b64,
        type: 3}
      propertyPath: m_IsActive
      value: 0
      objectReference: {fileID: 0}
    - target: {fileID: 7192955887717190779, guid: 4708e616b1abb2d41b7a0fa4319b5b64,
        type: 3}
      propertyPath: m_IsActive
      value: 0
      objectReference: {fileID: 0}
    - target: {fileID: 8506168795190390122, guid: 4708e616b1abb2d41b7a0fa4319b5b64,
        type: 3}
      propertyPath: m_IsActive
      value: 0
      objectReference: {fileID: 0}
    - target: {fileID: 8561532358091294682, guid: 4708e616b1abb2d41b7a0fa4319b5b64,
        type: 3}
      propertyPath: m_Materials.Array.data[0]
      value: 
      objectReference: {fileID: 2100000, guid: 336f4655767da4a42998be71b2a4681e, type: 2}
    m_RemovedComponents: []
  m_SourcePrefab: {fileID: 100100000, guid: 4708e616b1abb2d41b7a0fa4319b5b64, type: 3}
--- !u!1 &5820161630917771797 stripped
GameObject:
  m_CorrespondingSourceObject: {fileID: 919132149155446097, guid: 4708e616b1abb2d41b7a0fa4319b5b64,
    type: 3}
  m_PrefabInstance: {fileID: 6630486104019271492}
  m_PrefabAsset: {fileID: 0}
--- !u!4 &8605167541603190170 stripped
Transform:
  m_CorrespondingSourceObject: {fileID: 3129867266196355806, guid: 4708e616b1abb2d41b7a0fa4319b5b64,
    type: 3}
  m_PrefabInstance: {fileID: 6630486104019271492}
  m_PrefabAsset: {fileID: 0}
--- !u!4 &6560635131697556966 stripped
Transform:
  m_CorrespondingSourceObject: {fileID: 506717764123923106, guid: 4708e616b1abb2d41b7a0fa4319b5b64,
    type: 3}
  m_PrefabInstance: {fileID: 6630486104019271492}
  m_PrefabAsset: {fileID: 0}
--- !u!4 &6845486855047596045 stripped
Transform:
  m_CorrespondingSourceObject: {fileID: 217362444090914633, guid: 4708e616b1abb2d41b7a0fa4319b5b64,
    type: 3}
  m_PrefabInstance: {fileID: 6630486104019271492}
  m_PrefabAsset: {fileID: 0}
--- !u!137 &5737809811724367410 stripped
SkinnedMeshRenderer:
  m_CorrespondingSourceObject: {fileID: -7807838343387969162, guid: 4708e616b1abb2d41b7a0fa4319b5b64,
    type: 3}
  m_PrefabInstance: {fileID: 6630486104019271492}
  m_PrefabAsset: {fileID: 0}
--- !u!137 &3086262802578421918 stripped
SkinnedMeshRenderer:
  m_CorrespondingSourceObject: {fileID: 8561532358091294682, guid: 4708e616b1abb2d41b7a0fa4319b5b64,
    type: 3}
  m_PrefabInstance: {fileID: 6630486104019271492}
  m_PrefabAsset: {fileID: 0}
--- !u!137 &6911142711390598032 stripped
SkinnedMeshRenderer:
  m_CorrespondingSourceObject: {fileID: 283014665415167188, guid: 4708e616b1abb2d41b7a0fa4319b5b64,
    type: 3}
  m_PrefabInstance: {fileID: 6630486104019271492}
  m_PrefabAsset: {fileID: 0}
